<record><leader>00000cas a22000007a 4500</leader><controlfield tag="001">22334520</controlfield><controlfield tag="008">900905d19841988mnuwr ne      0    0eng d</controlfield><datafield ind1=" " ind2=" " tag="010"><subfield code="a">sn 90060060 </subfield></datafield><datafield ind1=" " ind2=" " tag="040"><subfield code="a">MN#</subfield><subfield code="b">eng</subfield><subfield code="c">MN#</subfield><subfield code="d">OCLCQ</subfield><subfield code="d">OCLCF</subfield><subfield code="d">OCLCO</subfield></datafield><datafield ind1="1" ind2=" " tag="029"><subfield code="a">AU@</subfield><subfield code="b">000025902181</subfield></datafield><datafield ind1=" " ind2=" " tag="042"><subfield code="a">msc</subfield></datafield><datafield ind1=" " ind2=" " tag="043"><subfield code="a">n-us-mn</subfield></datafield><datafield ind1=" " ind2=" " tag="052"><subfield code="a">4144</subfield><subfield code="b">E3</subfield></datafield><datafield ind1=" " ind2=" " tag="052"><subfield code="a">4143</subfield><subfield code="b">H4</subfield></datafield><datafield ind1="0" ind2=" " tag="130"><subfield code="a">Burnsville current (Edina, Minn. : 1984)</subfield></datafield><datafield ind1="1" ind2="4" tag="245"><subfield code="a">The Burnsville current.</subfield></datafield><datafield ind1=" " ind2=" " tag="260"><subfield code="a">Edina, Minn. :</subfield><subfield code="b">Minnesota Suburban Newspapers,</subfield><subfield code="c">1984-1988.</subfield></datafield><datafield ind1=" " ind2=" " tag="300"><subfield code="a">v.</subfield></datafield><datafield ind1=" " ind2=" " tag="310"><subfield code="a">Weekly</subfield></datafield><datafield ind1="0" ind2=" " tag="362"><subfield code="a">Vol. 10, no. 32 (Aug. 6, 1984)-v. 14, no. 13 (Mar. 23, 1988).</subfield></datafield><datafield ind1=" " ind2=" " tag="500"><subfield code="a">Published at: Burnsville, Minn., Oct. 28, 1985-Mar. 23, 1988.</subfield></datafield><datafield ind1=" " ind2=" " tag="530"><subfield code="a">Available on microfilm from the Minnesota Historical Society.</subfield></datafield><datafield ind1=" " ind2="0" tag="651"><subfield code="a">Burnsville (Minn.)</subfield><subfield code="v">Newspapers.</subfield></datafield><datafield ind1=" " ind2="0" tag="651"><subfield code="a">Edina (Minn.)</subfield><subfield code="v">Newspapers.</subfield></datafield><datafield ind1=" " ind2="7" tag="655"><subfield code="a">Newspapers.</subfield><subfield code="2">fast</subfield><subfield code="0">(OCoLC)fst01423814</subfield></datafield><datafield ind1=" " ind2="7" tag="651"><subfield code="a">Minnesota</subfield><subfield code="z">Burnsville.</subfield><subfield code="2">fast</subfield><subfield code="0">(OCoLC)fst01206822</subfield></datafield><datafield ind1=" " ind2="7" tag="651"><subfield code="a">Minnesota</subfield><subfield code="z">Edina.</subfield><subfield code="2">fast</subfield><subfield code="0">(OCoLC)fst01220182</subfield></datafield><datafield ind1=" " ind2=" " tag="752"><subfield code="a">United States</subfield><subfield code="b">Minnesota</subfield><subfield code="c">Dakota</subfield><subfield code="d">Burnsville.</subfield></datafield><datafield ind1=" " ind2=" " tag="752"><subfield code="a">United States</subfield><subfield code="b">Minnesota</subfield><subfield code="c">Hennepin</subfield><subfield code="d">Edina.</subfield></datafield><datafield ind1="0" ind2="0" tag="780"><subfield code="t">Sun Burnsville current</subfield><subfield code="w">(DLC)sn 90060059</subfield></datafield><datafield ind1="0" ind2="0" tag="785"><subfield code="t">Current (Burnsville, Minn. : Burnsville ed.)</subfield><subfield code="w">(DLC)sn 90060292</subfield></datafield></record>